%kleine Auswahl an m√∂glichen Attributen
%@misc{Beispiel,
%author = {T. Heeg and C. Ruhkamp},
%title = {Das Auto als ultimativer mobiler Computer},
%url = {http://www.faz.net/aktuell/technik-m...-12739804.html},
%howpublished = {FAZ online},
%month = {January 21},
%year = {2014},
%urldate = {2014-01-21}
%}

@misc{pandas,
title = {pandas, Installation},
url = {http://pandas.pydata.org/pandas-docs/stable/install.html},
urldate = {2015-2-8}
}


@misc{antlrH,
title = {antlr, Homepage},
url = {http://www.antlr.org/},
urldate = {2015-2-8}
}

@misc{antlr,
title = {antlr, Installation},
url = {https://theantlrguy.atlassian.net/wiki/display/ANTLR4/Getting+Started+with+ANTLR+v4},
urldate = {2015-2-8}
}

@misc{pyruntime,
title = {antlr, python-runtime},
url = {https://theantlrguy.atlassian.net/wiki/display/ANTLR4/Python+Target},
urldate = {2015-2-8}
}

@misc{py2cpp,
title = {Compiler},
url = {??},
urldate = {2015-2-8}
}

